<?xml version="1.0" encoding="UTF-8"?>
<OAI-PMH xmlns="http://www.openarchives.org/OAI/2.0/" xmlns:xsi="http://www.w3.org/2001/XMLSchema-instance" xsi:schemaLocation="http://www.openarchives.org/OAI/2.0/ http://www.openarchives.org/OAI/2.0/OAI-PMH.xsd">
  <ListRecords>
    <record>
      <header>
        <identifier>aleph-publish:000558925</identifier>
      </header>
      <metadata>
        <record xmlns="http://www.ddb.de/professionell/mabxml/mabxml-1.xsd">
          <leader>00000nM2.01200024------h</leader>
          <controlfield tag="LDR">00000nM2.01200024------h</controlfield>
          <controlfield tag="FMT">MH</controlfield>
          <datafield tag="001" ind1="-" ind2="1">
            <subfield code="a">HT003779341</subfield>
          </datafield>
          <datafield tag="002" ind1="a" ind2="1">
            <subfield code="a">19991121</subfield>
          </datafield>
          <datafield tag="003" ind1="-" ind2="1">
            <subfield code="a">20130715112121</subfield>
          </datafield>
          <datafield tag="020" ind1="a" ind2="1">
            <subfield code="a">1060150-8</subfield>
            <subfield code="b">DNB</subfield>
          </datafield>
          <datafield tag="025" ind1="a" ind2="1">
            <subfield code="a">015916588</subfield>
          </datafield>
          <datafield tag="025" ind1="z" ind2="1">
            <subfield code="a">1060150-8</subfield>
          </datafield>
          <datafield tag="025" ind1="o" ind2="1">
            <subfield code="a">644993936</subfield>
          </datafield>
          <datafield tag="026" ind1="-" ind2="1">
            <subfield code="a">ZDB1060150-8</subfield>
          </datafield>
          <controlfield tag="030">b|zucz|z|||35</controlfield>
          <datafield tag="036" ind1="a" ind2="1">
            <subfield code="a">XA-DE</subfield>
          </datafield>
          <datafield tag="037" ind1="b" ind2="1">
            <subfield code="a">ger</subfield>
          </datafield>
          <controlfield tag="050">a|a|||||||||||</controlfield>
          <controlfield tag="052">p||||||zbq|||||</controlfield>
          <datafield tag="070" ind1="-" ind2="1">
            <subfield code="a">9001</subfield>
          </datafield>
          <datafield tag="070" ind1="a" ind2="1">
            <subfield code="a">DNB</subfield>
          </datafield>
          <datafield tag="070" ind1="b" ind2="1">
            <subfield code="a">0012</subfield>
          </datafield>
          <datafield tag="073" ind1="-" ind2="1">
            <subfield code="a">5,3</subfield>
          </datafield>
          <datafield tag="076" ind1="-" ind2="1">
            <subfield code="a">||a|||</subfield>
          </datafield>
          <datafield tag="310" ind1="-" ind2="1">
            <subfield code="a">&lt;&lt;Der&gt;&gt; fremdsprachliche Unterricht / Englisch</subfield>
          </datafield>
          <datafield tag="331" ind1="-" ind2="1">
            <subfield code="a">&lt;&lt;Der&gt;&gt; fremdsprachliche Unterricht</subfield>
          </datafield>
          <datafield tag="360" ind1="-" ind2="1">
            <subfield code="a">Englisch</subfield>
          </datafield>
          <datafield tag="370" ind1="a" ind2="1">
            <subfield code="a">Text and tasks</subfield>
          </datafield>
          <datafield tag="370" ind1="a" ind2="1">
            <subfield code="a">Alpha-Bildung plus</subfield>
          </datafield>
          <datafield tag="370" ind1="a" ind2="1">
            <subfield code="a">-Bildung +</subfield>
          </datafield>
          <datafield tag="370" ind1="a" ind2="1">
            <subfield code="a">Englisch</subfield>
          </datafield>
          <datafield tag="370" ind1="a" ind2="1">
            <subfield code="a">Grundlagen, Unterrichtsvorschläge, Materialien</subfield>
          </datafield>
          <datafield tag="405" ind1="-" ind2="1">
            <subfield code="a">25.1991=H. 1 -</subfield>
          </datafield>
          <datafield tag="410" ind1="-" ind2="1">
            <subfield code="a">Seelze</subfield>
          </datafield>
          <datafield tag="412" ind1="-" ind2="1">
            <subfield code="a">Friedrich</subfield>
          </datafield>
          <datafield tag="418" ind1="-" ind2="1">
            <subfield code="a">Velber</subfield>
            <subfield code="g">Friedrich [u.a.]</subfield>
            <subfield code="h">anfangs</subfield>
          </datafield>
          <datafield tag="425" ind1="b" ind2="1">
            <subfield code="a">1991</subfield>
          </datafield>
          <datafield tag="435" ind1="-" ind2="1">
            <subfield code="a">30 cm</subfield>
          </datafield>
          <datafield tag="507" ind1="-" ind2="1">
            <subfield code="p">Zusatz bis 33.1999</subfield>
            <subfield code="a"> Grundlagen, Unterrichtsvorschläge, Materialien</subfield>
          </datafield>
          <datafield tag="523" ind1="-" ind2="1">
            <subfield code="a">Bis 1996 4x jährl., ab 1997 6x jährl.</subfield>
          </datafield>
          <datafield tag="524" ind1="-" ind2="1">
            <subfield code="p">Darin ab 27.1993</subfield>
            <subfield code="a"> Text and tasks; ungezählte Beil. ab 29.1995: Beil.; ungezählte Sonderbeil.: -Bildung +</subfield>
          </datafield>
          <datafield tag="529" ind1="z" ind2="1">
            <subfield code="p">Beil. ---&gt;</subfield>
            <subfield code="a">Bildung + Reisen</subfield>
            <subfield code="9">HT013547964</subfield>
          </datafield>
          <datafield tag="529" ind1="z" ind2="1">
            <subfield code="p">Beil. ---&gt;</subfield>
            <subfield code="a">Bildung + Medien</subfield>
            <subfield code="9">HT013403962</subfield>
          </datafield>
          <datafield tag="529" ind1="z" ind2="1">
            <subfield code="p">Beil. ---&gt;</subfield>
            <subfield code="a">Bildung + Leben</subfield>
            <subfield code="9">HT013733405</subfield>
          </datafield>
          <datafield tag="529" ind1="z" ind2="1">
            <subfield code="p">Beil. ---&gt;</subfield>
            <subfield code="a">&lt;&lt;Der&gt;&gt; bilinguale Unterricht</subfield>
            <subfield code="9">HT015525600</subfield>
          </datafield>
          <datafield tag="529" ind1="z" ind2="1">
            <subfield code="p">Beil. ---&gt;</subfield>
            <subfield code="a">Schüler</subfield>
            <subfield code="9">HT006767042</subfield>
          </datafield>
          <datafield tag="531" ind1="z" ind2="1">
            <subfield code="p">Vorg. ---&gt;</subfield>
            <subfield code="a">&lt;&lt;Der&gt;&gt; fremdsprachliche Unterricht</subfield>
            <subfield code="9">HT002192646</subfield>
          </datafield>
          <datafield tag="542" ind1="a" ind2="1">
            <subfield code="a">0340-2207</subfield>
          </datafield>
          <datafield tag="542" ind1="a" ind2="1">
            <subfield code="a">0945-1250</subfield>
          </datafield>
          <datafield tag="545" ind1="a" ind2="1">
            <subfield code="a">ISSN 0945-1250</subfield>
          </datafield>
          <datafield tag="574" ind1="-" ind2="1">
            <subfield code="a">93,A49,0592</subfield>
          </datafield>
          <datafield tag="700" ind1="-" ind2="1">
            <subfield code="a">420</subfield>
            <subfield code="a">DNB</subfield>
          </datafield>
          <datafield tag="700" ind1="-" ind2="1">
            <subfield code="a">370</subfield>
            <subfield code="a">DNB</subfield>
          </datafield>
          <datafield tag="700" ind1="-" ind2="1">
            <subfield code="a">370</subfield>
            <subfield code="a">ZDB</subfield>
          </datafield>
          <datafield tag="700" ind1="l" ind2="1">
            <subfield code="a">120 ; 230</subfield>
          </datafield>
          <datafield tag="700" ind1="z" ind2="1">
            <subfield code="a">280</subfield>
          </datafield>
          <datafield tag="700" ind1="g" ind2="1">
            <subfield code="a">EQ 1000</subfield>
          </datafield>
          <datafield tag="700" ind1="d" ind2="1">
            <subfield code="a">6.4</subfield>
          </datafield>
          <datafield tag="902" ind1="-" ind2="1">
            <subfield code="s">Englischunterricht</subfield>
            <subfield code="9">(DE-588)4014801-4</subfield>
          </datafield>
          <datafield tag="902" ind1="-" ind2="1">
            <subfield code="f">Zeitschrift</subfield>
          </datafield>
          <datafield tag="904" ind1="a" ind2="1">
            <subfield code="a">DE-101DE-101</subfield>
          </datafield>
          <controlfield tag="SYS">000558925</controlfield>
          <datafield tag="016" ind1="-" ind2="1">
            <subfield code="a">552175307</subfield>
            <subfield code="b">DNB</subfield>
          </datafield>
          <datafield tag="406" ind1="a" ind2="1">
            <subfield code="j">1991</subfield>
          </datafield>
          <datafield tag="705" ind1="-" ind2="1">
            <subfield code="a">420.71</subfield>
            <subfield code="c">420</subfield>
            <subfield code="e">DDC22ger</subfield>
            <subfield code="f">071</subfield>
          </datafield>
          <datafield tag="PSW" ind1="-" ind2="1">
            <subfield code="s">Englischdidaktik</subfield>
            <subfield code="9">(DE-588)4014801-4</subfield>
          </datafield>
          <datafield tag="PSW" ind1="-" ind2="1">
            <subfield code="g">Englisch</subfield>
            <subfield code="x">Didaktik</subfield>
            <subfield code="9">(DE-588)4014801-4</subfield>
          </datafield>
          <datafield tag="PSW" ind1="-" ind2="1">
            <subfield code="g">Englisch</subfield>
            <subfield code="x">Unterricht</subfield>
            <subfield code="9">(DE-588)4014801-4</subfield>
          </datafield>
          <datafield tag="PSW" ind1="-" ind2="1">
            <subfield code="s">Englischdidaktik</subfield>
            <subfield code="9">(DE-588)4014801-4</subfield>
          </datafield>
          <datafield tag="PSW" ind1="-" ind2="1">
            <subfield code="g">Englisch</subfield>
            <subfield code="x">Didaktik</subfield>
            <subfield code="9">(DE-588)4014801-4</subfield>
          </datafield>
          <datafield tag="PSW" ind1="-" ind2="1">
            <subfield code="g">Englisch</subfield>
            <subfield code="x">Unterricht</subfield>
            <subfield code="9">(DE-588)4014801-4</subfield>
          </datafield>
          <datafield tag="PSW" ind1="-" ind2="1">
            <subfield code="s">Englischdidaktik</subfield>
            <subfield code="9">(DE-588)4014801-4</subfield>
          </datafield>
          <datafield tag="PSW" ind1="-" ind2="1">
            <subfield code="g">Englisch</subfield>
            <subfield code="x">Didaktik</subfield>
            <subfield code="9">(DE-588)4014801-4</subfield>
          </datafield>
          <datafield tag="PSW" ind1="-" ind2="1">
            <subfield code="g">Englisch</subfield>
            <subfield code="x">Unterricht</subfield>
            <subfield code="9">(DE-588)4014801-4</subfield>
          </datafield>
          <datafield tag="125" ind1="b" ind2=" ">
            <subfield code="a">PAD: keine Stücktitel</subfield>
          </datafield>
          <datafield tag="200" ind1=" " ind2=" ">
            <subfield code="0">1</subfield>
            <subfield code="b">25.1991 -</subfield>
            <subfield code="f">P 10/04 f 5,A</subfield>
          </datafield>
          <datafield tag="OWN" ind1=" " ind2=" ">
            <subfield code="a">P0001</subfield>
          </datafield>
          <datafield tag="200" ind1=" " ind2=" ">
            <subfield code="0">2</subfield>
            <subfield code="a">Audio-CD zu</subfield>
            <subfield code="b">64/65.2003</subfield>
            <subfield code="f">P 95/04 f 5-A</subfield>
          </datafield>
          <datafield tag="OWN" ind1=" " ind2=" ">
            <subfield code="a">P0001</subfield>
          </datafield>
          <datafield tag="PLK" ind1=" " ind2=" ">
            <subfield code="a">PAR</subfield>
            <subfield code="l">PAD01</subfield>
            <subfield code="b">000318001</subfield>
            <subfield code="m">Später unter dem Titel:^&lt;&lt;Der&gt;&gt; fremdsprachliche Unterricht / Englisch.^1991</subfield>
            <subfield code="n">Früher unter dem Titel:^&lt;&lt;Der&gt;&gt; fremdsprachliche Unterricht.^1967</subfield>
          </datafield>
          <datafield tag="PLK" ind1=" " ind2=" ">
            <subfield code="a">PAR</subfield>
            <subfield code="l">PAD01</subfield>
            <subfield code="b">000868924</subfield>
            <subfield code="m">Beilage zu:^&lt;&lt;Der&gt;&gt; fremdsprachliche Unterricht / Englisch.^1991</subfield>
            <subfield code="n">Beilage:^Bildung + Leben.^2002</subfield>
          </datafield>
          <datafield tag="PLK" ind1=" " ind2=" ">
            <subfield code="a">PAR</subfield>
            <subfield code="l">PAD01</subfield>
            <subfield code="b">000684681</subfield>
            <subfield code="m">Beilage zu:^&lt;&lt;Der&gt;&gt; fremdsprachliche Unterricht / Englisch.^1991</subfield>
            <subfield code="n">Beilage:^Schüler.^1995</subfield>
          </datafield>
          <datafield tag="PLK" ind1=" " ind2=" ">
            <subfield code="a">PAR</subfield>
            <subfield code="l">PAD01</subfield>
            <subfield code="b">000857717</subfield>
            <subfield code="m">Beilage zu:^&lt;&lt;Der&gt;&gt; fremdsprachliche Unterricht / Englisch.^1991</subfield>
            <subfield code="n">Beilage:^Bildung + Medien.^2000</subfield>
          </datafield>
          <datafield tag="PLK" ind1=" " ind2=" ">
            <subfield code="a">PAR</subfield>
            <subfield code="l">PAD01</subfield>
            <subfield code="b">000863045</subfield>
            <subfield code="m">Beilage zu:^&lt;&lt;Der&gt;&gt; fremdsprachliche Unterricht / Englisch.^1991</subfield>
            <subfield code="n">Beilage:^Bildung + Reisen.^1999</subfield>
          </datafield>
          <datafield tag="LOC" ind1=" " ind2=" ">
            <subfield code="m">ISSBD</subfield>
            <subfield code="a">P0001</subfield>
            <subfield code="b">10</subfield>
            <subfield code="d">04f5-A</subfield>
            <subfield code="g">38.2004</subfield>
            <subfield code="i">04:737</subfield>
            <subfield code="n">36</subfield>
            <subfield code="k">20040616</subfield>
            <subfield code="5">883782-120</subfield>
          </datafield>
          <datafield tag="LOC" ind1=" " ind2=" ">
            <subfield code="m">ISSBD</subfield>
            <subfield code="a">P0001</subfield>
            <subfield code="b">10</subfield>
            <subfield code="d">04f5-A</subfield>
            <subfield code="g">39.2005</subfield>
            <subfield code="i">05:316</subfield>
            <subfield code="n">36</subfield>
            <subfield code="k">20050308</subfield>
            <subfield code="5">883782-180</subfield>
          </datafield>
          <datafield tag="LOC" ind1=" " ind2=" ">
            <subfield code="m">ISSBD</subfield>
            <subfield code="a">P0001</subfield>
            <subfield code="b">10</subfield>
            <subfield code="d">04f5-A</subfield>
            <subfield code="g">40.2006</subfield>
            <subfield code="i">06:247</subfield>
            <subfield code="n">36</subfield>
            <subfield code="k">20070319</subfield>
            <subfield code="5">883782-290</subfield>
          </datafield>
          <datafield tag="LOC" ind1=" " ind2=" ">
            <subfield code="m">ISSBD</subfield>
            <subfield code="a">P0001</subfield>
            <subfield code="b">10</subfield>
            <subfield code="d">04f5-A</subfield>
            <subfield code="g">41.2007</subfield>
            <subfield code="i">07:658</subfield>
            <subfield code="n">36</subfield>
            <subfield code="k">20080129</subfield>
            <subfield code="5">883782-360</subfield>
          </datafield>
          <datafield tag="LOC" ind1=" " ind2=" ">
            <subfield code="m">ISSBD</subfield>
            <subfield code="a">P0001</subfield>
            <subfield code="b">10</subfield>
            <subfield code="d">04f5-A</subfield>
            <subfield code="g">42.2008</subfield>
            <subfield code="i">08:371</subfield>
            <subfield code="n">36</subfield>
            <subfield code="k">20090127</subfield>
            <subfield code="5">883782-430</subfield>
          </datafield>
          <datafield tag="LOC" ind1=" " ind2=" ">
            <subfield code="m">ISSBD</subfield>
            <subfield code="a">P0001</subfield>
            <subfield code="b">10</subfield>
            <subfield code="d">04f5-A</subfield>
            <subfield code="g">43.2009</subfield>
            <subfield code="i">09:231</subfield>
            <subfield code="n">36</subfield>
            <subfield code="k">20100531</subfield>
            <subfield code="5">883782-500</subfield>
          </datafield>
          <datafield tag="LOC" ind1=" " ind2=" ">
            <subfield code="m">ISSBD</subfield>
            <subfield code="a">P0001</subfield>
            <subfield code="b">10</subfield>
            <subfield code="d">04f5-A</subfield>
            <subfield code="g">44.2010</subfield>
            <subfield code="i">10:535</subfield>
            <subfield code="n">36</subfield>
            <subfield code="k">20110531</subfield>
            <subfield code="5">883782-570</subfield>
          </datafield>
          <datafield tag="LOC" ind1=" " ind2=" ">
            <subfield code="m">ISSBD</subfield>
            <subfield code="a">P0001</subfield>
            <subfield code="b">10</subfield>
            <subfield code="d">04f5-A</subfield>
            <subfield code="g">45.2011</subfield>
            <subfield code="i">11:175</subfield>
            <subfield code="n">36</subfield>
            <subfield code="k">20120213</subfield>
            <subfield code="5">883782-640</subfield>
          </datafield>
          <datafield tag="LOC" ind1=" " ind2=" ">
            <subfield code="m">ISSBD</subfield>
            <subfield code="a">P0001</subfield>
            <subfield code="b">10</subfield>
            <subfield code="d">04f5-A</subfield>
            <subfield code="g">46.2012</subfield>
            <subfield code="n">36</subfield>
            <subfield code="k">20130206</subfield>
            <subfield code="5">883782-710</subfield>
          </datafield>
          <datafield tag="LOC" ind1=" " ind2=" ">
            <subfield code="m">ISSEJ</subfield>
            <subfield code="a">P0001</subfield>
            <subfield code="b">96</subfield>
            <subfield code="d">04 f 5-A</subfield>
            <subfield code="g">37.2003,64/65,Audio-CD</subfield>
            <subfield code="i">04:1399</subfield>
            <subfield code="n">36</subfield>
            <subfield code="k">20041105</subfield>
            <subfield code="5">883782-70</subfield>
          </datafield>
          <datafield tag="LOC" ind1=" " ind2=" ">
            <subfield code="m">ISSUE</subfield>
            <subfield code="a">P0001</subfield>
            <subfield code="b">10</subfield>
            <subfield code="d">04f5-A</subfield>
            <subfield code="g">47.2013,121/122</subfield>
            <subfield code="n">32</subfield>
            <subfield code="k">00000000</subfield>
            <subfield code="5">883782-650</subfield>
          </datafield>
          <datafield tag="LOC" ind1=" " ind2=" ">
            <subfield code="m">ISSUE</subfield>
            <subfield code="a">P0001</subfield>
            <subfield code="b">10</subfield>
            <subfield code="d">04f5-A</subfield>
            <subfield code="g">47.2013,123</subfield>
            <subfield code="n">32</subfield>
            <subfield code="k">00000000</subfield>
            <subfield code="5">883782-670</subfield>
          </datafield>
          <datafield tag="LOC" ind1=" " ind2=" ">
            <subfield code="m">ISSUE</subfield>
            <subfield code="a">P0001</subfield>
            <subfield code="b">10</subfield>
            <subfield code="d">04f5-A</subfield>
            <subfield code="g">47.2013,124</subfield>
            <subfield code="n">32</subfield>
            <subfield code="k">00000000</subfield>
            <subfield code="5">883782-680</subfield>
          </datafield>
          <datafield tag="LOC" ind1=" " ind2=" ">
            <subfield code="m">ISSUE</subfield>
            <subfield code="a">P0001</subfield>
            <subfield code="b">10</subfield>
            <subfield code="d">04f5-A</subfield>
            <subfield code="g">47.2013,125</subfield>
            <subfield code="n">32</subfield>
            <subfield code="k">00000000</subfield>
            <subfield code="5">883782-690</subfield>
          </datafield>
          <datafield tag="LOC" ind1=" " ind2=" ">
            <subfield code="m">ISSUE</subfield>
            <subfield code="a">P0001</subfield>
            <subfield code="b">10</subfield>
            <subfield code="d">04f5-A</subfield>
            <subfield code="g">47.2013,126</subfield>
            <subfield code="n">32</subfield>
            <subfield code="k">00000000</subfield>
            <subfield code="5">883782-700</subfield>
          </datafield>
          <datafield tag="LOC" ind1=" " ind2=" ">
            <subfield code="m">ISSUE</subfield>
            <subfield code="a">P0001</subfield>
            <subfield code="b">10</subfield>
            <subfield code="d">04f5-A</subfield>
            <subfield code="g">48.2014,127</subfield>
            <subfield code="n">32</subfield>
            <subfield code="k">00000000</subfield>
            <subfield code="5">883782-720</subfield>
          </datafield>
          <datafield tag="LOC" ind1=" " ind2=" ">
            <subfield code="m">ISSUE</subfield>
            <subfield code="a">P0001</subfield>
            <subfield code="b">10</subfield>
            <subfield code="d">04f5-A</subfield>
            <subfield code="g">48.2014,128</subfield>
            <subfield code="n">32</subfield>
            <subfield code="k">00000000</subfield>
            <subfield code="5">883782-730</subfield>
          </datafield>
          <datafield tag="LOC" ind1=" " ind2=" ">
            <subfield code="m">ISSUE</subfield>
            <subfield code="a">P0001</subfield>
            <subfield code="b">10</subfield>
            <subfield code="d">04f5-A</subfield>
            <subfield code="g">48.2014,129</subfield>
            <subfield code="n">32</subfield>
            <subfield code="k">00000000</subfield>
            <subfield code="5">883782-740</subfield>
          </datafield>
          <datafield tag="LOC" ind1=" " ind2=" ">
            <subfield code="m">ISSUE</subfield>
            <subfield code="a">P0001</subfield>
            <subfield code="b">10</subfield>
            <subfield code="d">04f5-A</subfield>
            <subfield code="g">48.2014,130</subfield>
            <subfield code="n">32</subfield>
            <subfield code="k">00000000</subfield>
            <subfield code="5">883782-750</subfield>
          </datafield>
          <datafield tag="LOC" ind1=" " ind2=" ">
            <subfield code="m">ISSUE</subfield>
            <subfield code="a">P0001</subfield>
            <subfield code="b">10</subfield>
            <subfield code="d">04f5-A</subfield>
            <subfield code="g">48.2014,131</subfield>
            <subfield code="n">32</subfield>
            <subfield code="k">00000000</subfield>
            <subfield code="5">883782-760</subfield>
          </datafield>
          <datafield tag="LOC" ind1=" " ind2=" ">
            <subfield code="m">ISSUE</subfield>
            <subfield code="a">P0001</subfield>
            <subfield code="b">10</subfield>
            <subfield code="d">04f5-A</subfield>
            <subfield code="g">48.2014,132</subfield>
            <subfield code="n">32</subfield>
            <subfield code="k">00000000</subfield>
            <subfield code="5">883782-770</subfield>
          </datafield>
        </record>
      </metadata>
    </record>
  </ListRecords>
</OAI-PMH>
